<?xml version="1.0" encoding="UTF-8"?><record xmlns="http://www.loc.gov/MARC21/slim" xmlns:cinclude="http://apache.org/cocoon/include/1.0" xmlns:zs="http://www.loc.gov/zing/srw/">
  <leader>00416nz  a2200133n  4500</leader>
  <controlfield tag="001">n  97094458 </controlfield>
  <controlfield tag="003">DLC</controlfield>
  <controlfield tag="005">19970918134051.0</controlfield>
  <controlfield tag="008">970918n| acannaab|          |a aaa |||  </controlfield>
  <datafield tag="010" ind1=" " ind2=" ">
    <subfield code="a">n  97094458 </subfield>
  </datafield>
  <datafield tag="040" ind1=" " ind2=" ">
    <subfield code="a">DLC</subfield>
    <subfield code="c">DLC</subfield>
  </datafield>
  <datafield tag="100" ind1="1" ind2="0">
    <subfield code="a">Vorobʹev, V.</subfield>
    <subfield code="q">(Viktor)</subfield>
  </datafield>
  <datafield tag="400" ind1="1" ind2="0">
    <subfield code="a">Vorobʹev, Viktor Alekseevich</subfield>
  </datafield>
  <datafield tag="670" ind1=" " ind2=" ">
    <subfield code="a">Krovʹ na asfalʹte, 1994:</subfield>
    <subfield code="b">t.p. (V. Vorobʹev) cover (V.A. Vorobʹev) colophon (Vorobʹev Viktor Alekseevich)</subfield>
  </datafield>
</record>